<?xml version="1.0" encoding="UTF-8"?><collection xmlns="http://www.loc.gov/MARC21/slim"><record><leader>00480nam--2200169-u-4500</leader><controlfield tag="001">000055638</controlfield><controlfield tag="002">20161230</controlfield><controlfield tag="005">20161230201052</controlfield><controlfield tag="008">130306s1000------------r-----000-0-eng-d</controlfield><datafield ind1=" " ind2=" " tag="040"><subfield code="a">IFIN-HH</subfield></datafield><datafield ind1=" " ind2=" " tag="080"><subfield code="a">801.232</subfield></datafield><datafield ind1="1" ind2=" " tag="100"><subfield code="a">Bors, A.T</subfield></datafield><datafield ind1="1" ind2="0" tag="245"><subfield code="a">Dictionar ruso-moldovenesk</subfield><subfield code="b">Russko-moldavskii slovari</subfield><subfield code="c">Ba.t. bors, n.g. korljtianu, e.m. russev</subfield></datafield><datafield ind1=" " ind2=" " tag="260"><subfield code="a">Moskva</subfield><subfield code="b">Inostrannih I Nationalnih Slovarei</subfield><subfield code="c">1954</subfield></datafield><datafield ind1=" " ind2=" " tag="300"><subfield code="a">835P</subfield></datafield><datafield ind1=" " ind2=" " tag="852"><subfield code="a">D.22</subfield></datafield><datafield ind1=" " ind2=" " tag="CAT"><subfield code="a">Sys</subfield><subfield code="c">20130306</subfield><subfield code="h">123909</subfield></datafield></record></collection>